@manual{sample,
  organization = {TU Dortmund, Fakultät Physik},
  title = {Versuch zum Literaturverzeichnis},
  year = 2022
}

@online{sample2,
	title        = {Population inversion},
	organization = {Wikipedia},
	urldate      = {2023-04-25},
	url          = {https://en.wikipedia.org/wiki/Population_inversion},
}

@book{sample3,
	address = {Berlin, Boston},
	author = {Rudolf Gross and Achim Marx},
	booktitle = {Festk{\"o}rperphysik},
	doi = {doi:10.1515/9783110782394-025},
	isbn = {9783110782394},
	lastchecked = {2023-05-12},
	publisher = {De Gruyter Oldenbourg},
	url = {https://doi.org/10.1515/9783110782394-025},
	year = {2018},
	bdsk-url-1 = {https://doi.org/10.1515/9783110782394-025}
}
@manual{SciFi_Versuch,
  organization = {TU Dortmund, Fakultät Physik},
  title = {Vermessung von szintillierenden Fasern für das LHCb-Experiment},
  year = 2018
}https://de.wikipedia.org/wiki/Snelliussches_Brechungsgesetz?oldformat=true
@online{Snellius,
	title        = {Snelliussches Brechungsgesetz},
	organization = {Wikipedia},
	urldate      = {2024-05-03},
	url          = {https://de.wikipedia.org/wiki/Snelliussches_Brechungsgesetz?oldformat=true},
}